2444 3832
110 195 155 252 IV
171 212 197 265 2,
215 190 387 274 584—594]
500 192 722 254 EPIDICVS
788 191 790 194 ⁴

108 354 163 412 Ae.
208 354 290 430 Quid
311 357 416 432 loquar
440 352 510 413 vis?

236 438 238 442 ¹
339 452 391 510 Pu.
438 452 524 510 Haec
545 460 634 528 negat
656 469 687 510 se
709 453 790 509 tuam
812 468 878 509 esse
899 460 1032 508 matrem.

875 550 931 606 Ae.
975 548 1022 607 Ne
1044 548 1116 617 fuat,

108 646 138 705 Si
159 662 221 704 non
242 645 312 704 volt.
357 643 497 721 equidem
512 642 568 704 haic
582 643 675 704 invita
689 641 751 703 tam
765 662 816 703 ero
831 643 932 704 matris
947 644 1014 703 fssia.
1056 644 1112 720 585

109 743 179 803 Non
201 743 271 802 med
291 741 388 802 istanc
409 742 515 820 cogere
536 753 693 820 aequomst
717 744 815 802 meam
841 760 906 801 esse
932 751 1065 813 matrem,
1090 740 1117 799 ss

190 840 298 899 nevolt.

109 939 161 996 Pu.
204 936 289 1012 Quor
311 955 360 996 me
380 934 468 1013 igitur
489 937 604 1012 patrem
625 936 779 996 vocabas?

512 1035 568 1092 Ae.
611 1034 678 1091 Tua
699 1030 791 1093 istaec
812 1034 939 1108 culpam,
954 1032 1016 1092 non
1038 1049 1114 1090 mea.

109 1130 179 1190 Non
199 1140 314 1207 patrem
338 1147 394 1207 ego
421 1141 450 1189 te
475 1129 639 1202 nominem,
667 1130 719 1191 ubi
743 1143 775 1192 tu
800 1129 882 1192 turim
908 1149 956 1190 me
981 1130 1117 1207 adpelles

189 1226 304 1285 filiam?

110 1320 201 1382 Hanc
221 1340 343 1399 quoque
364 1322 454 1382 etiam
476 1321 500 1380 si
522 1340 570 1381 me
591 1322 721 1399 adpellet
742 1323 843 1396 filiam,
860 1323 983 1382 matrem
998 1338 1113 1380 vocem.

110 1421 207 1497 Negat
236 1416 425 1478 haec.filiam
450 1437 499 1478 me
523 1436 607 1477 suam
633 1437 708 1492 esse,
734 1418 796 1479 non
821 1438 890 1496 ergo
918 1420 993 1479 haec
1022 1418 1118 1477 mater

190 1526 292 1576 meast.
1056 1533 1114 1592 590

109 1615 264 1675 Postremo
295 1613 371 1673 haec
398 1630 466 1671 mea
494 1613 583 1688 culpa
615 1631 677 1672 non
708 1626 771 1673 est:
806 1615 884 1691 quae
915 1611 1015 1685 didici,
1052 1612 1115 1672 dixi

190 1711 299 1773 omnia.

109 1795 252 1889 Epidicus
274 1808 346 1869 mihi
366 1807 421 1867 suit
441 1807 588 1885 magister.

472 1908 525 1964 Pu.
570 1904 655 1977 Perii,
677 1907 842 1983 plaustrum
865 1905 1003 1983 perculit!

110 2011 163 2066 Ae.
208 2003 365 2082 Numquid
386 2022 442 2080 ego
463 2002 513 2075 ibi,
535 2006 627 2080 pater,
648 2006 793 2081 peccavi?

491 2105 542 2162 Pr.
587 2102 617 2163 Si
638 2104 735 2164 hercle
757 2115 786 2165 te
808 2122 949 2179 umquam
972 2102 1114 2162 audivero

110 2204 163 2262 Me
184 2212 298 2278 patrem
318 2198 434 2269 vocare,
456 2197 547 2259 vitam
570 2204 651 2260 triam
674 2219 729 2276 ego
751 2198 938 2259 interimam!

836 2297 890 2355 Ao.
936 2295 1007 2355 Non
1028 2313 1113 2354 voco.

141 2562 193 2606 584.
229 2559 341 2614 namot,
356 2571 379 2602 v.
393 2569 448 2619 595.
636 2553 776 2602 i.e.‘Iwas
788 2552 841 2601 told
853 2560 880 2602 to
891 2568 935 2615 say
946 2551 1114 2617 everythingI

141 2628 194 2671 585.
228 2626 293 2680 mm,
319 2620 378 2684 ‘just
393 2619 526 2677 asmuch‚’
540 2619 587 2668 ‘all
638 2619 681 2667 did
693 2617 753 2681 say,'
772 2618 838 2667 ‘I've
848 2617 907 2680 only
919 2618 1036 2682 repeated
1048 2619 1115 2668 what

109 2689 151 2738 the
162 2684 367 2737 same'=tamen.
395 2683 434 2734 Cf.
449 2686 583 2734 tam-etsi:
639 2685 651 2733 I
675 2699 725 2732 was
748 2682 820 2732 told.'
861 2684 938 2733 Poen.
961 2697 1008 2748 904
1030 2685 1115 2732 omnm

108 2762 191 2802 tamen
202 2752 253 2811 etsi,
271 2758 324 2799 tam
337 2750 452 2813 gratiost.
490 2751 587 2807 Festus,
639 2765 758 2798 memoras
768 2764 816 2812 quo
826 2748 856 2795 id
856 2747 965 2811 facilius
968 2748 1029 2813 fiat.

110 2835 135 2883 p.
158 2817 206 2881 360
228 2817 341 2879 Antr'qui
367 2822 418 2863 tam
446 2815 520 2863 ctiam
540 2822 588 2878 pro
670 2818 723 2863 555.
757 2816 879 2868 uerrunt,
916 2828 950 2862 sc.
986 2813 1114 2876 Epidicus,

108 2892 191 2932 tamen
203 2883 246 2931 usi
254 2888 323 2930 sunt.
347 2880 394 2930 See
407 2879 465 2928 Brix
473 2896 506 2929 on
515 2880 584 2929 Men.
641 2878 701 2928 ‘I’m
712 2879 778 2927 done
790 2878 840 2927 for:
857 2878 977 2942 Epidicus
988 2879 1032 2927 has
1044 2889 1114 2944 upset

111 2949 167 3012 387.
638 2944 681 2994 the
692 2944 799 3008 wagon,’
812 2943 852 2992 i.e.
862 2944 949 2992 ruined
960 2944 1115 3008 everything.

142 3018 196 3063 585.
230 3014 329 3070 nevolt,
342 3027 366 3059 v.
379 3026 419 3070 4²·
638 3010 705 3058 Bene
722 3009 867 3071 plaustrum
884 3009 993 3073 perculit
1013 3009 1114 3060 became

142 3083 196 3128 oet.
229 3081 279 3125 tuo.
294 3079 379 3124 istaec
395 3078 508 3131 omont,
521 3074 587 3124 ‘that
638 3073 785 3138 proverbial.
829 3074 878 3122 We
898 3074 977 3136 might
997 3074 1114 3124 translate

109 3145 131 3193 is
147 3159 208 3206 your
225 3141 306 3200 fault,’
326 3143 398 3190 istaec
416 3139 474 3189 fem.
493 3140 527 3203 by
545 3139 587 3189 the
639 3145 723 3203 ‘upset
732 3139 774 3188 the
782 3138 931 3202 opple-cart’
944 3148 970 3186 to
979 3139 1115 3202 reproduee

109 3208 207 3272 regular
218 3206 350 3320 555555ῐίοέ
361 3213 388 3255 10
399 3205 441 3281 tire
456 3206 550 3317 gendker
561 3204 591 3253 of
638 3204 680 3253 the
691 3201 850 3317 alliteration,
864 3202 885 3252 if
894 3203 936 3252 the
945 3203 1033 3267 phrase
1042 3204 1062 3254 is
1071 3213 1116 3254 not

109 3274 208 3388 mini
221 3288 310 3401 pudnrilo
327 3277 587 3397 miiniriissisifficizroi
638 3277 726 3384 102³
736 3285 879 3389 gtiiimquid
889 3336 1012 3389 mooavm
1024 3350 1046 3382 v.
1056 3349 1112 3399 390.

109 3419 185 3453 suom.
221 3402 255 3452 So
266 3402 323 3450 haec
335 3416 389 3454 mea
399 3401 472 3464 culpa
484 3406 586 3455 nonest,
670 3401 798 3458 ulbarolo,
812 3415 837 3447 v.
851 3398 906 3462 326.

110 3486 134 3516 v.
148 3481 203 3535 591.
669 3469 722 3513 594.
756 3467 917 3513 mmmmm.
946 3463 1003 3513 Cas.
1013 3462 1063 3524 634
1073 3465 1114 3512 in·

142 3539 196 3583 591.
230 3532 471 3591 (15555151515111
487 3533 586 3592 omniu,
638 3528 1017 3578 terimereeioitueiieoimm.
