2444 3832
135 110 175 235 ti
551 165 639 225 PLA
649 166 727 225 VTI
872 163 961 248 [113,
979 170 1145 247 308-319

133 320 214 396 Quin
235 323 270 382 ex
292 323 414 383 occluso
436 331 526 398 atque
548 320 706 400 obsignato
726 321 851 383 armirio

135 419 264 479 Decutio
285 418 399 496 argenti
420 417 545 486 trintum,
567 432 712 496 quantum
733 419 806 479 milri
828 422 918 481 iubet.

133 517 225 592 Quod
245 517 297 593 pol
317 535 374 593 ego
396 525 507 589 metuo,
530 517 555 575 si
576 535 668 577 senex
688 517 847 589 resciverit,
1081 539 1143 596 310

133 616 181 673 Ne
202 614 299 674 ulmos
320 612 465 689 parasitos
486 611 583 685 ficiat,
606 631 685 690 quae
705 633 800 691 usque
821 615 1005 676 attondeant.

132 712 192 771 Sed
213 731 261 773 me
283 716 343 771 una
363 712 462 772 turbat
482 710 528 770 re's
548 710 693 788 ratioque,
717 711 865 788 Apoecidi

133 811 232 886 Quam
254 811 411 871 ostendam
433 808 584 869 fidicinam
605 797 986 887 iliquam'conducticiam.

133 911 232 984 Atque
254 909 284 967 id
305 925 426 984 quoque
446 906 563 967 habeo:
585 905 674 967 ma'ne
695 926 743 967 me
765 906 849 967 iussit
870 927 962 968 senex

132 1006 310 1067 Conducere
331 1005 462 1082 aliquam
484 1005 637 1066 fidicinam
659 1005 715 1066 sibi
737 1007 795 1065 hiic
817 1007 949 1081 domum,
975 1014 1014 1080 ut,
1080 1027 1138 1088 315

132 1103 214 1161 Dum
236 1105 297 1163 rem
319 1101 450 1163 divinam
473 1100 590 1174 ficeret,
613 1106 746 1163 cantaret
767 1101 831 1163 sibi.

133 1202 178 1259 Eo
198 1200 382 1261 conducetur
402 1198 492 1276 itque
512 1199 540 1258 ei
562 1197 853 1275 praemonstrabitur,

132 1301 202 1376 Quo
223 1297 312 1376 picto
333 1300 384 1359 fiat
405 1299 533 1359 subdola
554 1298 713 1358 advorsum
735 1318 846 1359 senem.
878 1338 883 1343 -

131 1398 190 1456 Ibo
210 1397 306 1457 intro:
327 1408 482 1473 argentum
503 1394 648 1473 accipiam
670 1399 709 1456 ab
730 1397 878 1457 damnoso
899 1417 977 1459 sene.

163 1576 216 1621 ³⁰8.
250 1574 373 1630 armario,
392 1572 453 1636 ‘nay
468 1580 511 1622 out
527 1571 556 1620 oi
569 1572 608 1622 his
656 1589 692 1621 on
699 1581 746 1637 per
752 1574 874 1637 pectinem
887 1573 971 1622 nescio.

130 1636 182 1685 saie
210 1637 298 1686 barred
321 1637 370 1686 and
398 1637 499 1686 sealed!
532 1637 607 1701 Capt.
689 1643 742 1687 818.
781 1651 862 1696 quem
869 1676 928 1689 ......
936 1641 1064 1699 aliquem,
1088 1639 1135 1689 ali-

131 1703 179 1767 918
207 1703 305 1750 reclusit
331 1703 482 1761 armarium,
515 1701 606 1752 ‘broke
656 1718 732 1766 quom
749 1703 1059 1768 redundantaiterquam·
1094 1704 1135 1756 Ci.

131 1782 197 1831 open
210 1766 252 1816 the
264 1765 412 1816 meat-saie!
443 1765 446 1772 ’
657 1768 730 1817 Asin.
745 1771 790 1832 785
803 1770 896 1832 mquid
904 1770 946 1817 sui
960 1769 1134 1818 membricom·

163 1837 214 1880 ³10.
252 1835 330 1890 quod,
347 1838 386 1882 ‘as
401 1840 428 1881 to
444 1831 606 1890 which,'acc.
657 1839 752 1882 moveat
765 1833 903 1897 quicquam,
922 1835 999 1883 Most.
1012 1849 1060 1896 ²50
1090 1836 1138 1884 uid

131 1896 160 1944 oi
168 1896 302 1946 limitation
314 1913 340 1947 as
352 1914 376 1945 v.
392 1913 444 1961 131.
657 1897 702 1946 illo
716 1905 773 1962 pote
790 1900 864 1962 penos
880 1900 1013 1963 quicquam
1031 1916 1056 1948 m
1086 1901 1135 1950 iere

163 1967 217 2010 ³11.
250 1966 344 2020 ulmos,
367 1963 410 2012 the
431 1961 559 2012 birci-rod
581 1962 611 2011 oi
657 1963 836 2013 memorarint
864 1964 921 2013 Aul.
941 1968 989 2028 803
1012 1965 1073 2026 Quis
1096 1981 1133 2014 me

131 2027 173 2076 the
189 2027 308 2087 aucteurs,
328 2028 400 2077 Asin.
418 2026 464 2077 262
482 2028 533 2076 Sed
547 2028 610 2091 quid
656 2029 764 2077 Athonis
786 2044 855 2078 nunc
879 2029 960 2093 mgis
980 2032 1136 2095 quisquamst

130 2093 173 2141 hoc
189 2095 256 2156 quod
267 2093 338 2155 ponis
358 2094 454 2141 ulmum
472 2093 604 2142 tunditi...
656 2093 734 2152 homo,
749 2094 807 2159 quoi
816 2094 845 2143 cii
857 2094 910 2143 sint
919 2095 1048 2159 propitii?
1076 2095 1133 2144 Mil.

131 2158 196 2206 mihi
206 2158 235 2206 in
248 2159 340 2207 mundo
354 2157 522 2222 suntoirgoe.
557 2157 605 2206 Ini.
656 2175 703 2223 432
719 2175 749 2208 ne
764 2160 827 2208 clam
843 2161 968 2223 quispiam
983 2176 1027 2209 nos
1042 2161 1133 2209 vicim-

131 2220 186 2272 626.
221 2224 311 2273 Hence
326 2239 341 2272 a
358 2223 426 2273 slave
442 2223 464 2272 is
480 2224 607 2272 ulmorum
655 2239 715 2272 rum
735 2225 894 2288 inprudentis
910 2225 1005 2289 aliquis
1022 2226 1132 2275 inmuta·

130 2288 261 2337 Acheruns
271 2288 321 2337 and
333 2288 469 2338 ulmitribo.
655 2290 729 2339 verit.

163 2357 303 2412 parasitos,
319 2354 358 2403 ie.
373 2352 447 2402 make
461 2353 530 2402 them
541 2352 606 2402 stick
688 2359 742 2403 mo.
775 2357 827 2402 sibi
837 2357 889 2403 imo
900 2357 1013 2415 domum,
1029 2360 1070 2412 ut,
1084 2356 1132 2406 Us-

130 2426 157 2467 to
168 2434 208 2468 me
219 2434 247 2467 as
263 2419 329 2468 close
344 2435 371 2467 as
386 2418 506 2482 parasitos
521 2419 562 2477 do,
580 2418 606 2466 ‘I
656 2419 720 2483 sing,
732 2419 789 2467 who
801 2420 863 2468 adds
874 2419 917 2468 the
928 2427 963 2469 ut.

130 2484 182 2532 icor
196 2483 254 2532 he'll
270 2492 326 2532 turn
343 2483 382 2532 his
397 2482 539 2532 buch-rods
553 2483 607 2533 into
689 2489 742 2534 ³1⁵1.
771 2486 1133 2543 erummomtramour‚‘she

130 2549 227 2597 leeches
238 2556 265 2596 to
276 2548 349 2598 bleed
361 2564 402 2597 me
414 2556 439 2598 to
451 2549 493 2597 the
504 2548 588 2598 bone'
656 2549 720 2598 shall
732 2550 764 2598 be
774 2549 911 2599 instructed
922 2549 1093 2600 beiorehand’

163 2616 329 2673 attondeant,
345 2614 437 2663 Bacch.
448 2628 512 2678 *¹095
527 2614 605 2669 ism,
689 2619 743 2664 31⁹.
776 2617 910 2674 mmnoro,
933 2623 978 2664 not
999 2616 1132 2676 ‘ruinous’

130 2679 213 2737 scelus,
235 2695 298 2726 auro
320 2694 394 2741 usque
415 2679 523 2727 attondit
544 2679 606 2727 dolis
656 2680 701 2728 but
715 2679 832 2736 ‘ruined‚'
847 2679 1028 2744 ‘spendthriit.'
1056 2680 1131 2731 Cure.

129 2743 204 2792 doctis
219 2745 350 2802 indoctum,
372 2745 423 2793 and
439 2743 499 2793 with
518 2759 533 2792 a
547 2744 606 2807 play
656 2758 703 2806 472
716 2745 776 2793 ditis
789 2745 917 2795 danznosos
931 2746 1042 2802 maritos,
1057 2746 1131 2797 Truc.

130 2824 163 2857 on
186 2808 228 2857 the
251 2809 330 2858 literal
354 2809 405 2858 and
427 2807 606 2872 metaphorical
656 2808 688 2871 63
707 2811 792 2858 minus
809 2809 983 2859 damnosorum
1000 2810 1133 2860 hominum

130 2873 266 2936 meanings,
290 2873 363 2937 Capt.
386 2873 432 2924 268
455 2875 498 2922 sed
517 2881 605 2922 utrum
655 2890 731 2939 quam
744 2890 812 2922 nicnc
821 2882 881 2923 sunt
890 2875 943 2924 siet.

128 2940 265 2987 strictimne
281 2945 439 2986 attonsumm
459 2939 540 3027 dicem
559 2955 607 2988 esse
709 2939 780 3001 [Exit
793 2939 912 3004 Epidicus
924 2941 977 2990 into
988 2940 1032 2990 the
1043 2940 1130 2991 house.
