2444 3832
106 157 390 241 1112‚358-368]
495 162 662 224 EPIDIC
667 164 717 225 VS
1069 187 1108 244 49

105 316 198 376 Dedlt
219 316 261 376 mi
280 318 320 378 ad
340 316 420 378 hanc
440 337 502 378 rem
522 317 775 395 Apoecidem—is
793 320 875 399 ipud
893 324 989 383 forum
1009 325 1110 385 manet

186 428 276 469 me—

106 506 199 583 Quasi
220 506 272 585 qui
292 509 313 567 ά
333 527 377 566 me
396 515 466 568 recte
484 509 596 570 clve'at.
616 513 620 521 '

387 608 436 667 Sr.
480 607 575 668 Haud
596 609 674 669 male
694 606 754 667 iam
775 609 839 687 lpse
859 621 963 672 cautor
983 609 1109 689 ctptust.

105 703 159 760 ΕΡ.
204 703 274 779 Ipse
305 703 336 762 ln
371 722 441 765 meo
472 705 550 765 collo
585 709 654 765 tuos
688 715 773 783 pater
806 709 972 769 cruminam
1007 710 1109 770 conlo·

185 797 280 859 civit:
1049 811 1110 883 360

106 898 137 956 Is
157 897 283 958 addrnat
303 897 467 960 adveniens
487 897 570 960 domi
591 899 743 977 extemplo
764 906 797 961 ut
818 904 939 964 maritus
960 905 1022 966 flas

106 996 155 1054 sr.
197 994 267 1054 Vno
297 997 492 1073 ¹persuadebit
527 999 628 1073 modo,
664 998 690 1059 si
724 997 804 1060 illim
840 1021 917 1078 quae
952 1004 1110 1065 adductast

186 1094 305 1153 mecum

106 1189 152 1250 Mi
173 1189 322 1268 adempsit
344 1193 450 1254 Orcus.

347 1291 401 1349 ΕΡ.
438 1293 536 1352 Nunc
557 1310 615 1369 ego
635 1291 775 1353 astutiam
796 1294 874 1353 hanc
894 1293 1028 1355 institui:

104 1383 273 1446 Deveniam
291 1387 331 1447 ad
349 1388 492 1448 lenonem
512 1389 636 1449 domum
655 1401 773 1467 egomet
792 1390 882 1462 solus,
897 1410 966 1451 eum
981 1392 1107 1465 docebo,

103 1482 135 1544 Si
163 1482 215 1560 qui
243 1482 284 1546 id
311 1504 381 1546 eum
409 1471 557 1558 adveniat,
584 1492 617 1547 ut
646 1486 704 1547 sibi
731 1490 834 1548 datum
864 1490 928 1549 esse
956 1500 1108 1568 argentum

184 1571 274 1654 dieat,
1049 1590 1106 1664 365

103 1679 161 1739 Pro
181 1678 303 1739 fidicina
322 1681 437 1757 argenti
458 1679 554 1740 minas
575 1700 608 1742 se
628 1681 739 1742 habere
760 1681 981 1760 quinquaglnta.

104 1775 226 1853 Quippe
247 1778 304 1853 ego
324 1775 377 1853 qui
398 1777 611 1838 nudiustertius
632 1778 707 1838 meis
727 1777 863 1839 minibus
884 1778 1068 1840 dinumerivi

104 1875 162 1934 Pro
183 1872 233 1933 int
252 1884 303 1934 tua
323 1874 421 1935 amica
441 1873 531 1952 quim
553 1886 637 1953 pater
658 1895 741 1935 suam
764 1875 855 1936 liliam
877 1894 942 1937 esse
962 1878 1048 1938 retur.

136 2051 192 2096 868.
215 2050 415 2105 mpudlorum
425 2051 517 2096 monet
527 2059 577 2098 me.
631 2049 713 2097 Homo
745 2049 886 2097 cruminam
913 2049 963 2098 sibi
989 2050 1019 2098 de
1049 2050 1109 2099 collo

104 2113 155 2161 For
164 2112 206 2161 the
218 2113 399 2175 parenthetical
410 2121 534 2172 sentence,
545 2113 577 2162 cf.
630 2113 745 2162 detrahit.

105 2176 160 2226 Mil
175 2179 221 2228 801
240 2178 368 2227 ille—cius
383 2179 582 2242 modist-cupiet
663 2183 717 2228 tol.
750 2181 874 2236 adornat,
887 2179 920 2229 ‘is
934 2179 1038 2244 making
1053 2196 1107 2244 pre·

105 2243 185 2291 nriser.
220 2242 294 2292 Truc.
321 2257 368 2307 305
390 2242 432 2292 nil
451 2243 581 2292 mirum-
631 2244 777 2306 parations‚'
791 2260 814 2291 v.
826 2244 881 2308 690.

104 2315 174 2357 vetus
188 2315 223 2357 est
237 2308 469 2372 macene—lapides
483 2309 507 2356 si
521 2316 580 2357 vete·
663 2311 890 2359 adveniendum
900 2309 930 2358 of
937 2324 1024 2359 course
1032 2309 1107 2360 refers

104 2391 142 2423 res
173 2380 255 2423 ruont.
303 2374 372 2423 Men.
404 2371 449 2422 621
482 2373 580 2431 adiuro,
631 2380 658 2422 to
670 2373 857 2438 Stratippocles,
875 2375 940 2423 'that
951 2390 985 2423 on
996 2390 1058 2438 your
1069 2391 1105 2425 re-

105 2439 269 2488 uxor-satin
303 2440 347 2487 hoc
379 2446 413 2487 est
445 2438 581 2488 tim-me
631 2446 688 2487 turn
707 2455 756 2502 you
775 2455 833 2503 may
852 2440 885 2489 be
902 2439 1010 2489 married
1029 2439 1106 2490 forth·

105 2505 149 2552 isti
174 2520 225 2554 non
255 2511 361 2562 nutasse,
395 2504 513 2568 repeated
545 2503 579 2553 ib.
631 2503 709 2552 with)

103 2569 161 2633 655.
663 2574 717 2618 868.
750 2572 891 2628 erumpat,
912 2569 972 2620 used
994 2569 1032 2619 sor
1051 2571 1106 2620 ade·

137 2639 190 2685 888.
226 2637 305 2693 qum
326 2638 373 2693 qul
394 2646 412 2683 ο.
439 2646 481 2684 mo
507 2638 580 2684 reete
631 2635 714 2683 men't.
742 2634 791 2684 See
802 2635 882 2684 above
894 2651 927 2684 on
937 2652 961 2685 v.
980 2649 1033 2684 122.
1070 2636 1106 2686 So

104 2704 206 2757 caveat,
236 2699 337 2764 Ussing,
367 2699 418 2748 and
444 2700 488 2749 the
514 2699 581 2764 legal
630 2700 702 2748 axim
712 2697 787 2763 (ago),
798 2701 926 2764 surrepsit,
928 2700 1009 2764 faxit,
1020 2702 1103 2765 capsit.

97 2764 360 2829 ‘phraseisrequired
389 2765 580 2829 ThenStratip-
662 2767 778 2813 institui.
818 2765 874 2813 Mil.
903 2766 951 2828 238
978 2782 1047 2814 nunc
1072 2766 1107 2814 sic

105 2831 190 2895 pocles
205 2838 344 2879 comments
358 2830 441 2880 Haud
453 2831 517 2880 male
527 2831 579 2878 iam
630 2831 749 2878 ratibusm
768 2829 882 2894 incepirso
901 2836 931 2878 ut
948 2831 1014 2879 hanc
1033 2831 1105 2881 insti·

104 2897 156 2960 ipse
164 2902 251 2944 cautor
260 2902 363 2960 captust.
392 2895 432 2945 Cf.
445 2893 580 2960 Capt.256
629 2902 700 2944 tuam
711 2895 839 2943 astutiam.

104 2963 193 3010 Etiam
202 2977 275 3025 quom
283 2961 372 3010 cavisse
382 2968 454 3010 ratus
463 2967 582 3023 cst‚saepe
662 2965 716 3009 888.
750 2963 849 3019 quippe
871 2972 921 3019 ogo
940 2964 1000 3019 qul:
1021 2961 1106 3024 quiis

104 3027 222 3075 z'scautor
236 3033 320 3089 captus
336 3025 533 3090 cst-probably,
552 3041 580 3074 as
629 3024 729 3074 enclitic
757 3026 807 3074 and
831 3026 936 3090 belongs
957 3033 984 3075 to
1006 3027 1103 3090 quippe.

105 3091 164 3140 Brix
180 3098 299 3155 suggests,
319 3091 468 3156 proverbial.
503 3090 551 3154 JF
559 3091 579 3138 Z
630 3090 670 3138 ef.
686 3090 776 3139 Pseud.
793 3104 862 3155 1274,
872 3091 947 3140 Truc.
959 3091 1005 3142 68:
1017 3091 1106 3155 quippe

104 3156 167 3206 omit
189 3156 231 3205 the
253 3157 337 3206 marks
364 3155 402 3205 sor
429 3156 506 3207 Strat.
528 3156 579 3204 and
629 3156 676 3218 qui
695 3153 819 3219 (relative)
842 3156 927 3205 would
946 3156 1043 3220 require
1063 3156 1106 3206 the

106 3221 181 3286 Epid.
628 3219 792 3283 subjunctive.

137 3291 190 3336 888.
207 3289 303 3335 mmoo
309 3289 384 3335 oollo.
397 3287 448 3334 For
454 3285 497 3335 the
505 3300 579 3349 purse
661 3288 883 3336 nudiustertius:
889 3302 958 3334 nunc
965 3285 1105 3350 (nu-:Gk-

104 3351 149 3400 full
157 3351 187 3400 ol
194 3351 263 3400 coins
271 3351 366 3401 carried
374 3351 454 3399 round
463 3351 506 3400 the
514 3350 579 3400 neck
628 3352 667 3410 νύ)
690 3351 739 3400 dics
760 3352 855 3410 tertius,
876 3351 930 3401 ‘the
949 3351 998 3416 day
1020 3351 1106 3402 before

104 3416 136 3466 ef.
146 3416 218 3466 Asin.
229 3414 276 3480 657
286 3415 407 3464 hicistam
416 3416 512 3466 conloca
521 3431 577 3464 cru·
629 3415 776 3480 yesterdty!
811 3415 851 3466 Cf.
872 3416 968 3466 nudius
986 3423 1102 3482 quartus,

104 3484 201 3531 minam
217 3482 246 3530 in
262 3482 320 3531 collo
330 3480 416 3546 plane,
436 3481 510 3532 Truc.
530 3479 578 3545 652
628 3481 743 3546 quintus,
756 3488 848 3531 sextus.

972 3583 1064 3632 h-n
