2444 3832
102 195 148 253 IV
166 212 189 263 1,
208 187 379 270 549-557]
494 190 663 250 EPIDIC
667 190 717 249 VS
1068 188 1106 262 67

101 352 157 408 Pu.
202 346 305 408 Salvos
326 346 383 407 sis:
406 347 488 424 quod
510 344 662 406 credidisti
682 345 784 405 reddo.

600 493 602 495 .
643 446 696 502 Pu.
740 444 835 504 Haud
856 442 966 502 accuso
987 441 1088 502 fidem.

102 542 204 604 Novin
227 562 284 620 ego
305 543 358 603 te?

177 646 233 702 ΡΗ.
278 641 309 702 Si
324 643 380 719 ego
395 652 425 700 te
439 639 518 711 novi,
534 636 669 698 animum
683 637 825 697 inducam
841 649 874 697 ut
889 634 1014 698 noveris.
1052 653 1110 713 550

103 744 156 800 m.
201 721 470 802 ineuntem

346 841 402 898 ΡΗ.
448 836 556 914 Inique
577 834 716 896 iniuriu’s.

520 981 524 985 .
589 937 643 994 Pu.
687 934 771 1010 Quid
791 931 877 993 iam?

751 1034 808 1090 ΡΗ.
853 1030 934 1106 Quia

105 1132 189 1190 Tuae
212 1127 373 1190 memoriae
394 1126 579 1205 interpretari
600 1147 649 1189 me
670 1129 799 1205 aequom
820 1147 934 1188 censes.

833 1228 885 1285 Pu.
930 1226 1089 1288 Conmode

106 1326 282 1387 Fabulata's.

187 1425 243 1481 ΡΗ.
289 1423 367 1481 Mtra
388 1423 489 1480 nime
510 1419 599 1480 noris.

510 1521 563 1577 Pn.
607 1520 664 1577 Em
685 1520 763 1579 istuc
784 1518 923 1579 rectiust:

109 1618 320 1680 Meministin?
813 1602 815 1605 ⁵

199 1793 200 1797 Ἰ
229 1719 286 1776 Pn.
331 1717 435 1791 Quid?

349 1817 403 1873 Pn.
448 1811 636 1873 Meministin
657 1822 690 1871 tu
711 1813 742 1872 tn
764 1811 918 1889 Epidauro

796 1912 854 1971 ΡΗ.
898 1913 933 1983 Α,
959 1911 1074 1987 guttula

109 2012 216 2070 Pe‘ctus
237 2009 345 2067 ardens
366 2007 407 2066 mi
428 2005 610 2083 adspersisti.

514 2106 567 2163 Pu.
610 2103 725 2181 Virgini
746 2106 946 2181 pauperculae
1057 2122 1112 2182 555

108 2207 252 2281 Tuaeque
273 2202 359 2263 matri
380 2205 429 2263 me
449 2204 547 2263 levare
569 2205 797 2281 paupertatem?

718 2302 774 2359 ΡΗ.
818 2301 896 2360 Trin'
918 2299 943 2359 is
964 2319 1004 2372 εε,

111 2401 170 2475 Qut
183 2418 236 2476 per
247 2400 429 2475 voluptatem
442 2409 524 2457 tuam
534 2397 566 2456 in
580 2415 629 2456 me
641 2402 815 2457 aerumnam
827 2396 969 2458 obsevisti
979 2400 1116 2474 gravem?

144 2604 198 2648 54⁹.
233 2598 452 2654 quodomnium
462 2598 552 2651 medo,
566 2595 591 2644 ‘1
671 2600 724 2644 555.
748 2599 992 2645 mirantmsnorts.
1015 2597 1050 2647 So
1058 2597 1117 2646 Aci·

111 2665 268 2728 dulyretum
283 2662 350 2711 what
365 2677 414 2725 you
426 2660 553 2710 entrusted
565 2668 592 2709 to
640 2660 730 2709 dalius.
760 2660 799 2711 Cf.
812 2661 907 2725 Amph.
922 2663 968 2725 283
981 2661 1047 2710 mira
1057 2669 1118 2710 sunt

110 2729 168 2786 me,’
182 2730 222 2778 i.e.
240 2728 282 2777 the
300 2727 442 2776 salutation.
477 2726 586 2774 Reddo:
641 2725 694 2774 nati
708 2725 829 2775 invitavit
842 2741 889 2776 sese
902 2728 931 2775 in
945 2742 1004 2776 cena
1015 2727 1117 2791 pluscu-

111 2795 173 2858 duly
185 2803 211 2844 to
227 2809 284 2858 pay,
298 2801 382 2842 return
398 2800 424 2841 to
440 2791 483 2841 the
498 2806 591 2855 proper
640 2791 703 2839 lum.

112 2856 379 2925 ρεῐεοηεᾶποδίδωμι.
416 2857 493 2906 cuv.
506 2857 546 2918 48.
673 2861 725 2905 555.
794 2859 960 2912 edomuisti,
1016 2855 1117 2920 ‘you’ve

144 2930 198 2974 550.
232 2927 429 2972 novtn=nonne
439 2922 513 2970 novit
640 2920 735 2970 dashed
751 2921 893 2980 wateron‚'
909 2922 949 2971 i.e.
964 2922 1063 2986 allayed
1074 2921 1117 2972 the

144 2993 263 3039 animum
284 2991 408 3037 inducam
427 2991 459 3035 ut
477 2989 591 3042 novem,
641 2985 709 3035 sever
718 2987 752 3041 in,
762 3002 804 3050 my
812 2987 920 3051 buming
928 2987 1019 3037 breast.
1042 2986 1116 3036 Truc.

117 3056 142 3103 ‘I
163 3055 215 3103 will
237 3053 312 3117 bring
333 3052 425 3116 myself
444 3061 471 3101 to
493 3051 591 3101 believe
643 3050 690 3114 365
720 3051 781 3100 Din.
810 3052 846 3100 ita
873 3054 959 3100 animo
986 3053 1051 3100 male
1075 3058 1116 3101 est.

113 3121 167 3169 that
179 3136 228 3183 you
239 3119 316 3167 know
327 3117 384 3168 me.¹
642 3117 735 3166 Phron.
750 3132 830 3172 mane,
843 3117 1010 3181 alzpuidfiet:
1027 3117 1116 3166 neubi.

146 3191 198 3234 551.
228 3181 462 3240 monotaimus,
476 3187 537 3246 ‘you
549 3197 591 3230 are
642 3181 703 3229 Din.
743 3182 803 3231 Ah!
838 3183 981 3245 adspersisti
1014 3197 1113 3246 aquam,

113 3245 370 3312 shamefullyunfair‚'
383 3247 437 3296 Mil.
457 3261 504 3309 437
522 3247 590 3296 inin·
643 3247 734 3296 Bacch.
773 3246 821 3310 246
857 3249 944 3305 Euan,
979 3247 1122 3307 adspersirti

114 3317 182 3363 rra'r.
642 3327 745 3376 aquam.

149 3382 214 3439 quid
224 3383 289 3433 tam,
301 3394 324 3426 v.
339 3380 393 3440 285.
675 3382 729 3427 555.
778 3380 868 3427 levare
907 3377 1050 3442 dependent
1086 3393 1120 3426 on

146 3449 200 3493 555.
227 3441 592 3506 mterprotan=interpretem
643 3442 798 3492 meministin
810 3442 836 3491 in
849 3457 904 3506 554.

113 3517 228 3560 essetuae
239 3508 376 3557 maneriae.
675 3511 729 3556 557.
761 3511 790 3557 ln
811 3519 855 3556 me
873 3519 1040 3554 merom
1053 3510 1134 3548 m-
