2444 3832
113 155 151 232 ³8
528 155 704 215 PLAVTJ

849 154 896 238 [II
914 179 939 231 2,
957 161 1121 236 257-264

113 314 192 372 Nam
220 313 269 372 ille
297 312 420 390 quidem
445 323 496 373 aut
520 311 579 374 iarn
604 311 654 373 hic
678 312 782 386 aderit,
811 316 901 376 credo
929 317 1037 388 hercle,
1066 320 1121 375 adt

191 409 250 469 iam
271 411 365 471 adest.

354 510 405 568 ΕΡ.
454 506 484 569 Si
504 507 634 585 aequom
657 507 712 568 siet

113 609 165 668 Me
186 608 253 684 plus
275 625 378 684 sapere
399 607 489 685 quim
504 627 567 681 vos,
583 606 718 683 dederim
732 605 818 669 vobis
832 607 991 668 consilium
1006 620 1118 681 catum,

112 703 202 782 Qu6d
223 705 359 777 laudetis,
381 709 415 764 ut
435 724 491 782 ego
513 705 614 782 opino,
636 705 759 782 uterque

570 804 621 861 Pa.
667 803 746 879 Ergo
767 801 818 862 ubi
839 800 870 863 id
891 815 945 876 est,
968 786 1120 881 lipidice?

111 900 164 958 Er.
207 881 308 975 Atque
329 898 367 957 ad
390 917 457 959 eam
478 917 540 959 rem
561 899 760 959 conducibile.

473 998 528 1055 ΑΡ.
573 996 654 1073 Quid
675 996 752 1056 istuc
773 997 893 1057 dubitas
915 998 1035 1060 dicere?
1059 1001 1118 1058 260

110 1096 162 1154 Er.
205 1094 269 1154 Vos
290 1092 402 1170 priores
423 1095 488 1154 esse
510 1104 637 1170 oportet,
660 1095 716 1155 nos
737 1095 884 1172 posterius
904 1097 1012 1171 dicere,

111 1191 173 1268 Qui
193 1194 260 1268 plus
281 1191 392 1268 sapitis.

311 1293 363 1350 Pis.
408 1292 464 1351 Eia
484 1295 574 1352 vero!
596 1310 651 1369 age
672 1293 741 1353 dlc!

635 1390 687 1448 ΕΡ.
731 1392 773 1449 At
794 1390 972 1451 deridebitis.

109 1488 164 1546 Aa.
209 1484 280 1546 Non
302 1486 412 1563 edepol
432 1484 582 1546 faciemus.

472 1585 525 1644 ΕΡ.
571 1585 671 1644 Immo
693 1585 717 1644 si
738 1584 877 1662 placebit,
904 1585 995 1647 dtitor

111 1677 278 1741 Consilium
289 1701 297 1754 ;
318 1678 343 1738 si
364 1677 426 1739 n6n
447 1679 588 1756 placebit,
610 1681 768 1758 reperitote
788 1681 902 1742 rectius.

109 1853 223 1902 audacia.
241 1853 280 1904 Cf.
290 1853 346 1903 Mil.
359 1856 405 1905 22⁸
416 1853 469 1903 cedo
476 1854 586 1903 calidum
638 1853 732 1913 mim'to,
741 1855 874 1919 prpicisco,
884 1856 1116 1920 amplexo,fabrr'co,

108 1918 240 1967 consilium
251 1919 303 1977 cito,
316 1918 396 1969 which
404 1917 536 1968 illustrates
546 1919 588 1969 the
639 1934 722 1975 mereo,
746 1920 842 1979 medico,
867 1935 935 1983 vago,
954 1937 1048 1978 venero,
1067 1922 1117 1970 and

109 1982 258 2032 alliteration
270 1983 330 2032 with
342 1983 372 2034 C.

141 2051 314 2098 conducibilis
324 2048 345 2097 is
357 2064 372 2097 a
383 2047 497 2099 Plautine
508 2049 585 2106 word,

639 1983 730 2043 others,
746 1983 805 2032 with
817 1985 953 2034 references
964 1985 1003 2034 sor
1014 1986 1084 2036 each.

671 2053 724 2098 aaa.
760 2052 807 2107 qul
828 2053 890 2108 plus
911 2053 1016 2109 raptus.
1060 2051 1117 2100 The

109 2112 139 2163 cs.
154 2113 223 2162 Trin.
243 2112 273 2177 36
290 2115 325 2163 ita
341 2114 446 2162 vincunt
457 2113 524 2163 illud
532 2130 585 2163 con·

109 2178 322 2241 ducibilegratiae.

142 2247 194 2292 aot.
229 2246 313 2303 οτοᾱο,
334 2243 496 2308 parenthetic,
508 2260 531 2292 v·
545 2260 584 2307 3¹·

141 2312 193 2357 208.
240 2320 282 2357 me
304 2312 365 2367 plna
389 2320 483 2364 sapere
505 2321 586 2364 quam

109 2383 164 2432 vos,
178 2373 218 2422 ie.
239 2389 254 2422 a
274 2389 336 2438 poor
357 2373 426 2422 slave
445 2373 505 2422 than
543 2389 582 2433 ou,

109 2437 260 2501 gentlemen.
303 2437 342 2487 Cf.
357 2438 435 2502 Soph.
454 2439 478 2486 T
475 2453 517 2486 rac
536 2452 581 2498 .5a

109 2504 150 2549 νῦν
175 2503 205 2558 δ’,
223 2504 245 2550 εἰ
267 2503 356 2550 δίκαιον
373 2504 427 2552 τοὺς
448 2503 586 2566 ἐλευθέρους

109 2567 586 2682 tttdtsllttzllltitri...

126 2695 181 2747 've'
230 2667 266 2747 So'
292 2648 514 2774 ioluerim’Capt.
544 2714 584 2762 53,

119 2763 196 2811 uteris
218 2762 252 2811 ib.
273 2776 328 2825 344,
345 2762 459 2811 imserint
476 2763 510 2811 rb.
529 2777 585 2828 599.

110 2827 158 2877 See
171 2826 237 2876 Brix.

140 2897 194 2941 aaa.
219 2891 503 2951 nunauruterquaes.
515 2892 585 2942 Men.

110 2959 153 3020 781
168 2957 276 3022 Loquere
284 2958 471 3006 utermerm'stis
478 2959 585 3022 culpam,

108 3022 142 3071 ib.
165 3025 210 3087 787
240 3029 327 3072 neuter
344 3022 380 3071 ad
396 3039 434 3072 me
451 3023 519 3072 iretis
535 3023 585 3071 and

107 3102 135 3137 su
154 3124 160 3137 .
177 3104 233 3138 ara.

137 3104 218 3212 {pino
236 3153 332 3203 instead
351 3152 379 3202 of
398 3152 440 3202 the
458 3153 585 3218 deponent

142 3218 200 3268 'non
245 3219 279 3269 So
300 3218 393 3267 arbitro
411 3217 449 3267 sor
468 3219 584 3267 arbitror.

127 3298 156 3333 ee
168 3283 226 3333 Brix
238 3300 271 3333 on
284 3283 338 3333 Mil.
355 3297 407 3348 17²·
445 3284 487 3334 He
495 3291 584 3348 quotes

106 3349 234 3413 indipt'sco,
243 3351 353 3407 assentio,
365 3357 468 3414 aucupa,
477 3349 584 3413 auspico,

106 3415 245 3479 contemplo,
259 3416 373 3475 crimino,
387 3423 479 3475 cuncto,
486 3415 584 3479 fabulo,

99 3479 204 3544 fluctuo,
233 3481 343 3546 frustra,
378 3481 449 3541 lucto,
478 3480 583 3545 pacisce,

638 2113 740 2163 relative
751 2113 826 2163 refers
837 2122 863 2164 to
877 2115 919 2164 the
935 2131 1005 2165 more
1021 2125 1117 2166 remote

638 2179 794 2227 antecedent.
817 2179 852 2229 So
861 2180 932 2228 Asin.
942 2178 974 2243 64
983 2195 1065 2231 omnes
1068 2189 1116 2245 pa·

638 2250 724 2299 rentes,
733 2244 833 2300 Libane,
840 2245 925 2294 liberis
931 2247 990 2303 suis,
998 2247 1045 2310 qui
1052 2247 1118 2296 milti

637 2308 819 2366 auscultabunt,
821 2309 921 2373 factem
931 2312 1115 2375 obsequentiam.

637 2373 662 2421 A
674 2373 767 2422 similar
779 2382 902 2431 sentence,
915 2375 968 2424 infr.
986 2391 1041 2463 294.
1125 2425 1135 2441 ‚

669 2441 712 2487 eia
732 2450 803 2497 vero,
830 2444 912 2489 ‘come
930 2456 994 2500 now,
1023 2442 1049 2489 in
1069 2443 1115 2489 im·

637 2501 731 2566 patient
743 2512 933 2554 remonstrance.
963 2505 1002 2555 Cf.
1017 2506 1111 2571 Amph.

637 2582 693 2632 901,
707 2567 781 2616 Truc.
795 2583 849 2633 509.

669 2637 723 2681 26³.
756 2636 842 2682 utitor
869 2639 1016 2684 mannum.
1052 2637 1117 2688 Utor

637 2696 708 2746 takes
730 2696 756 2745 in
780 2697 881 2748 Plautus
903 2700 944 2749 the
972 2701 1022 2750 abl.
1046 2717 1115 2751 more

637 2761 705 2812 osten
716 2762 777 2812 than
788 2762 831 2812 the
842 2779 903 2819 acc,
912 2766 1001 2814 abutor
1008 2766 1053 2815 has
1061 2781 1113 2816 acc.

637 2827 704 2891 only,
720 2826 823 2891 fungor
843 2828 935 2893 always
956 2846 1017 2890 acc,
1034 2831 1117 2895 fruor

638 2889 710 2955 (once
732 2893 801 2955 only)
825 2892 885 2942 with
907 2895 967 2950 abl,
979 2895 1116 2960 fruniscor

638 2955 718 3020 (once)
731 2957 791 3005 with
803 2973 864 3014 acc..
877 2960 960 3022 potior
969 2961 1042 3010 twice
1053 2960 1114 3010 with

636 3037 697 3079 aco,
718 3023 790 3071 twice
808 3022 868 3071 with
886 3024 946 3082 abl,
965 3025 1036 3075 twice
1053 3026 1114 3075 with

636 3102 694 3150 gen.
728 3087 787 3136 Brix
799 3103 832 3136 on
844 3088 913 3137 Trin.
929 3105 950 3138 r.
980 3091 1030 3139 For
1038 3091 1113 3140 senti·

637 3159 706 3201 ment
727 3151 758 3201 cs.
781 3153 844 3201 Hor.
866 3153 945 3217 Epist.
965 3166 982 3204 1.
1001 3155 1025 3206 6.
1042 3154 1072 3217 67
1090 3157 1114 3205 si

636 3217 701 3280 quid
709 3217 801 3266 novtiti
811 3219 899 3266 rectius
910 3218 971 3278 istis,
985 3221 1115 3270 Candidus

637 3282 751 3346 imperti;
768 3284 791 3330 si
803 3298 861 3339 non,
876 3283 916 3331 hir
930 3291 995 3333 utere
1009 3301 1112 3334 meacm.

641 3347 724 3398 Utitur
745 3347 807 3411 sing.
832 3347 938 3397 because
964 3349 1115 3414 Periphanes

636 3411 696 3476 only
711 3412 794 3461 would
809 3419 848 3462 act
859 3428 927 3477 upon
938 3413 957 3462 it
965 3429 972 3472 ;
989 3416 1115 3478 reperitote

635 3477 699 3542 plur.
711 3477 816 3528 because
827 3477 890 3527 both
902 3478 1053 3543 Periphanes
1063 3480 1114 3531 and
