2444 3832
112 173 145 232 II
163 191 190 246 2,
206 170 379 254 241-256]
442 192 444 195 ’
505 127 672 235 EPJDJc
677 176 727 236 VS

111 325 195 386 Dixit
215 325 257 387 illi
279 328 400 404 quicum
420 325 488 404 ipsa
507 327 590 394 ibat..

492 428 544 486 Pe.
587 427 692 504 Quid?
857 491 859 495 ,

542 540 545 545 ·
595 524 649 584 Ee.
692 526 773 584 Tace
795 543 865 602 ergo
886 535 919 585 ut
940 523 1054 586 audias.

109 616 272 695 P6stquam
299 617 380 678 illam
408 631 477 680 sunt
503 619 704 698 conspicatae,
734 619 825 697 quam
851 632 918 682 tuos
938 634 1045 699 gnatus
1066 622 1116 684 de-

192 731 285 796 pent:

111 815 223 891 ‘Quem
244 815 330 876 facile
351 829 380 878 et
401 836 491 894 quam
512 816 661 877 sertunate
682 816 782 878 evenit
803 817 853 894 illi,
877 825 903 878 te
923 818 1057 894 ebsecro,

111 913 229 975 Mulieri
249 934 341 990 quam
363 916 486 976 liberare
507 914 569 975 volt
589 919 723 979 amator.'
767 918 931 994 “quisnam
952 916 977 978 is
999 917 1086 988 est?'’

112 994 214 1089 inquit
236 1013 328 1073 altera
349 1012 411 1072 illi:
432 1012 474 1072 ibi
494 1011 545 1072 illa
565 1013 701 1074 nominat
721 1016 960 1093 Stratippoclem,
1059 1034 1115 1094 ²45

111 1110 288 1187 Periphanai
308 1112 410 1170 silium.
1099 1180 1102 1185 ,

312 1212 365 1269 Pu.
409 1208 486 1272 Perii
506 1209 612 1271 hercle.
655 1209 729 1288 quid
751 1229 806 1288 ego
828 1230 866 1271 ex
885 1221 915 1272 te
936 1209 1050 1273 aridio?

110 1307 163 1367 Er.
208 1307 280 1367 Hoc
300 1308 383 1384 quod
404 1318 540 1368 actumst.
583 1308 702 1386 egomet
716 1321 877 1386 postquam
891 1308 923 1369 id
937 1311 1002 1370 illas
1016 1308 1116 1370 audivi

191 1403 285 1482 loqui,

110 1501 208 1579 Coepi
230 1522 344 1562 rursum
365 1502 483 1563 versum
505 1505 543 1562 ad
564 1503 630 1563 illas
651 1501 831 1581 padsillatim
852 1504 1004 1577 accedere,

110 1598 205 1676 Qudsi
225 1600 381 1661 hominum
403 1602 567 1662 retruderet
587 1619 637 1662 me
658 1603 702 1661 vis
723 1600 859 1662 invitum.

44 1688 46 1693 ’
759 1703 811 1761 Pu.
855 1701 1011 1779 Inteilego.

111 1799 164 1859 ΕΡ.
209 1781 256 1858 ibi
282 1798 332 1858 illa
353 1796 543 1876 interrogevit
567 1797 670 1860 illam:
702 1801 771 1877 ‘qui
791 1800 871 1861 scis?
900 1799 967 1877 quis
988 1798 1020 1861 id
1041 1799 1116 1860 dixit

190 1896 285 1957 tibi?'
1060 1917 1117 1976 ²50

111 1993 214 2068 “Quia
235 1994 326 2054 hodie
347 1994 466 2055 adlatae
488 1994 616 2056 tabellae
637 1999 706 2054 sunt
727 1995 767 2055 ad
788 2015 855 2055 eam
870 2014 888 2053 a
902 1996 1115 2073 Stratippocle:

110 2076 191 2151 Eum
212 2102 366 2169 argentum
388 2093 549 2170 sumpsisse
569 2093 650 2168 apud
671 2093 793 2153 Thebas
809 2091 848 2171 db
863 2092 981 2152 danista
995 2093 1116 2153 fenore:

111 2171 149 2249 id
170 2200 305 2266 paratum
325 2209 381 2249 esse
400 2192 430 2250 et
450 2209 483 2250 se
504 2191 544 2250 ob
565 2209 633 2250 eam
653 2209 716 2250 rem
738 2190 771 2275 id
790 2190 890 2251 serre.'’

718 2289 771 2346 Pu.
815 2289 907 2348 Certo
932 2306 987 2364 ego
1008 2285 1116 2346 decidi.

110 2387 164 2444 ΕΡ.
210 2384 297 2444 Haec
318 2383 360 2443 sie
380 2382 461 2444 aibat
482 2403 515 2444 se
535 2380 684 2444 audivisse
705 2403 743 2444 ex
763 2384 853 2460 eipse
867 2385 968 2442 adlata
981 2383 1117 2460 epistula.

110 2485 163 2541 Pu.
208 2482 290 2556 Quid
319 2500 374 2558 ego
405 2480 512 2541 faciam
537 2482 641 2541 minc?
670 2481 828 2542 consilium
853 2501 871 2541 a
895 2492 925 2542 te
950 2480 1115 2558 expetesso,

190 2578 367 2657 Apoecides.
1057 2566 1129 2657 255ν

109 2681 162 2737 ΑΡ.
208 2676 405 2754 Reperiamus
426 2676 541 2754 aliquid
561 2675 651 2737 calidi
672 2676 871 2737 conducibilis
893 2676 1007 2738 consili.

109 2843 195 2892 larum
211 2842 411 2905 altero...inquit
426 2840 496 2902 mihi,
514 2841 584 2890 Trin.
638 2856 743 2889 rursum
749 2856 850 2890 vorsum
858 2842 961 2902 trahere,
971 2842 1001 2892 ci.
1013 2859 1115 2891 sursum

111 2921 166 2970 245,
179 2907 230 2956 and
244 2920 299 2969 247.
637 2922 746 2963 vorsum,
763 2922 864 2955 sursum
880 2908 1000 2965 deorsum,
1013 2924 1117 2957 rursum

141 2979 195 3022 241.
228 2975 330 3021 5255115
340 2974 443 3031 audias,
457 2969 487 3020 cf.
502 2987 527 3018 v.
539 2970 588 3021 668
633 2979 762 3036 prorsum.

109 3039 162 3086 dico
172 3052 212 3100 ego
222 3036 270 3087 eibi
280 3052 348 3085 nunc
359 3044 389 3085 ut
398 3037 466 3085 seros.
671 3041 723 3084 253.
760 3040 939 3094 obeuntem,
952 3037 1115 3102 ‘forthepur-

142 3108 194 3152 246.
231 3105 396 3161 Periphanai,
407 3101 514 3164 oldgen.
524 3099 587 3149 form
638 3099 716 3165 pose,¹
724 3117 758 3150 sc.
767 3101 877 3150 mulieris
885 3102 1114 3160 liberandaccausa,

108 3167 172 3216 from
191 3167 349 3232 Periphanes.
383 3165 423 3215 Cf.
444 3166 587 3215 Charmidai
638 3182 662 3216 v.
678 3182 733 3229 244.

111 3232 183 3294 (from
193 3232 350 3293 Charmides)
360 3232 428 3281 Trin.
440 3245 495 3299 359,
507 3232 588 3281 where
671 3235 723 3282 254.
760 3231 822 3281 This
833 3231 855 3280 is
868 3231 980 3318 Ussing‘s
997 3232 1063 3282 read'
1110 3251 1116 3282 ι

109 3313 150 3346 see
162 3298 242 3346 Brix's
254 3305 320 3346 note.
641 3297 945 3362 ‘excapseatquwpistula
969 3313 1016 3346 can
1026 3298 1072 3347 har
1100 3314 1117 3362 y

142 3368 195 3411 248.
239 3374 346 3410 rursum
372 3373 488 3419 vorsum,
510 3361 587 3410 back·
638 3362 720 3411 stand.

110 3429 190 3476 wards
210 3428 326 3484 towards,
349 3427 390 3476 i-e.
413 3425 477 3477 back
504 3426 586 3491 again.
670 3430 724 3476 255.
746 3429 846 3475 ccum.
875 3427 923 3476 See
934 3443 958 3475 v.
974 3444 1027 3490 142.
1053 3427 1117 3491 Livy

110 3492 204 3557 Amph.
233 3494 294 3543 1128
321 3506 361 3555 ego
381 3507 459 3541 cunas
481 3493 587 3541 recessim
638 3503 726 3541 xxxv.
740 3507 778 3556 3²·
792 3491 1132 3554 rahascousittoeoxsduet
