2444 3832
116 181 155 240 68
533 184 619 243 PLA
629 185 707 244 VTI
841 181 900 266 [IV
918 203 941 257 1,
959 185 1120 263 558—566

116 335 168 395 Pa.
213 318 279 413 Ego
300 355 385 396 sum:
408 339 504 398 salve!

345 435 401 492 Pri.
445 432 532 496 Sa'lva
552 454 627 508 sum,
650 435 721 511 quia
741 447 770 497 te
792 438 856 496 esse
878 438 990 496 salvom
1012 433 1118 495 sentio.

117 531 169 588 Pa.
213 529 299 591 Cedo
320 549 451 589 manum.

237 629 293 686 ΡΗ.
337 627 467 706 Accipe!
489 632 696 691 aerumnosam
714 642 744 691 et
758 629 941 692 miseriarum
956 630 1117 707 conpotem
1150 706 1153 714 Ι

117 721 276 784 Mulierem
297 724 413 784 retines.

274 823 326 880 Pa.
371 821 452 897 Quid
474 834 518 883 est
539 824 621 900 quod
642 825 740 884 voltus
761 825 907 884 turbatust
928 825 1018 884 tuos?
1061 826 1119 900 560

116 920 173 978 Pri.
217 916 322 978 Filiam
344 938 435 996 quam
456 923 542 981 exte
564 921 719 998 suscepi...

561 1019 613 1077 Pa.
656 1017 739 1094 Quid
760 1020 848 1078 eam?

712 1119 768 1175 ΡΗ.
813 1117 962 1176 Eductam
983 1114 1119 1193 perdidi:

117 1211 289 1272 Hostiumst
310 1214 413 1289 potita.

278 1310 329 1368 Pr.
374 1310 463 1370 Habe
485 1307 617 1369 animum
638 1313 736 1371 lenem
757 1321 788 1371 et
809 1309 1016 1388 tranquillum:
1044 1322 1118 1371 tace.

117 1403 209 1466 Domi
241 1425 325 1466 meae
357 1425 458 1466 eccam
490 1406 602 1468 silvam
637 1419 667 1468 et
701 1427 812 1468 sanam.
855 1407 925 1468 nim
960 1419 1120 1486 postquam

196 1502 297 1563 audivi
317 1502 386 1563 ilico

118 1583 165 1659 lix
185 1620 254 1661 meo
275 1619 359 1661 servo
380 1600 461 1660 illam
482 1603 547 1662 esse
566 1613 693 1679 captam,
710 1601 854 1664 continuo
869 1608 1023 1681 argentum
1038 1602 1118 1677 dedi,

116 1677 157 1758 Vt
178 1709 340 1758 emeretur:
367 1699 415 1758 ssle
437 1717 503 1758 earn
524 1718 587 1758 rem
608 1699 686 1759 adeo
708 1697 805 1760 sobrie
826 1710 856 1760 et
881 1699 1029 1777 frugiliter
1060 1703 1118 1777 565

116 1779 288 1868 Adcuravit,
310 1798 343 1854 ut
364 1796 390 1854 is
409 1795 449 1855 ad
470 1794 541 1855 alias
562 1797 607 1855 res
629 1806 675 1855 est
695 1794 820 1872 inpense
841 1797 993 1874 inprobus.

115 2016 181 2062 vieti
201 2024 316 2070 gravem
340 2012 416 2062 Truc.
437 2026 485 2078 519
508 2012 598 2076 magni
642 2012 739 2069 averb,
752 2027 800 2062 can
811 2013 843 2062 be
854 2012 1001 2077 interiected
1013 2013 1119 2063 without

116 2079 204 2127 doloris
221 2093 285 2126 onus
296 2084 344 2141 per
359 2078 507 2141 voluptatem
524 2084 595 2127 tuam
642 2077 759 2142 affecting
797 2078 839 2127 the
878 2079 1047 2128 construction
1086 2092 1120 2126 no

117 2143 248 2193 condidisti
258 2143 286 2191 in
298 2150 391 2207 corpus.
643 2150 734 2192 matter
755 2143 782 2191 in
801 2144 869 2193 what
889 2159 944 2193 case
964 2144 1007 2194 the
1029 2157 1120 2209 person

151 2213 204 2258 666.
246 2210 317 2268 cedo,
350 2208 420 2272 ‘give
448 2206 595 2258 me’-used
642 2207 746 2270 pointed
770 2215 814 2257 out
836 2208 865 2258 is.
905 2209 954 2258 But
976 2209 1067 2270 where,
1092 2223 1119 2256 as

119 2274 172 2323 also
183 2274 210 2323 in
222 2272 272 2322 and
284 2273 348 2337 plur.
361 2279 419 2322 cette
429 2270 530 2336 (cidite).
643 2272 709 2332 here,
724 2272 793 2323 there
811 2273 832 2323 is
850 2288 883 2323 no
901 2274 970 2331 verb,
989 2275 1049 2338 they
1060 2275 1119 2324 take

151 2343 298 2398 conpotem.
346 2337 446 2387 Nonius
482 2353 507 2402 p.
546 2337 594 2401 456
643 2354 695 2388 acc.
708 2338 869 2402 throughout.
904 2338 943 2388 Cf.
958 2355 982 2387 v.
998 2340 1052 2390 186.

119 2410 248 2469 compotem
260 2404 289 2452 in
305 2402 392 2452 bonam
402 2409 501 2466 partem
515 2404 595 2452 solum
674 2406 735 2453 ilion
761 2403 866 2468 belongs
888 2403 984 2468 strictly
1006 2411 1033 2453 to
1053 2405 1115 2468 dedi,

119 2469 198 2533 accipi
214 2474 326 2532 putatur
348 2466 406 2532 (eg.
433 2475 525 2532 compos
545 2469 598 2517 voti
643 2475 688 2517 not
707 2476 734 2517 to
748 2474 889 2533 postquam,
910 2469 954 2519 but
977 2469 998 2518 is
1017 2478 1062 2534 put
1085 2472 1119 2536 by

121 2533 185 2599 mc.)
199 2550 255 2582 cum
270 2539 294 2582 et
307 2533 336 2582 in
351 2534 418 2582 maia
430 2534 538 2597 positum
552 2533 594 2582 sit.
642 2532 805 2609 anticipation
824 2533 877 2583 into
895 2534 937 2583 the
955 2533 1008 2584 first
1027 2536 1118 2586 clause.

119 2599 160 2649 Cf.
181 2599 264 2663 culpae
288 2613 337 2647 com
368 2604 415 2646 tem
441 2598 514 2647 Truc.
537 2600 594 2662 835,
644 2598 675 2646 In
691 2597 741 2648 thrs
757 2613 813 2662 way
824 2600 938 2648 continuo
952 2600 1067 2650 becomes
1083 2602 1117 2650 al·

118 2665 211 2713 sceleris
222 2671 315 2728 compos
351 2664 477 2713 uintxn.
492 2679 513 2713 r.
527 2676 550 2726 7.
643 2671 708 2712 most
730 2663 818 2713 otiose.
858 2664 894 2713 Or
911 2671 1042 2730 postquam
1065 2666 1119 2716 ilico

152 2734 205 2779 660.
239 2731 348 2778 munes.
382 2728 456 2792 Capt.
481 2744 526 2791 441
547 2736 597 2791 per
642 2727 723 2792 might
757 2728 789 2778 be
823 2729 900 2779 taken
935 2731 1057 2794 together,
1091 2748 1118 2780 as

120 2795 244 2844 dexteram
262 2800 332 2842 tuam
344 2800 366 2842 te
375 2793 474 2843 dextera
486 2793 595 2844 retinens
640 2809 714 2857 quom
742 2795 866 2857 extemplo,
899 2795 943 2842 ubi
968 2795 1118 2852 ilico,=imel
1162 2826 1164 2831 ›

120 2876 199 2909 manu
209 2859 300 2908 obsecro
311 2859 363 2908 &a
640 2857 755 2919 τάχιστα,
772 2860 883 2908 ‘assoon
894 2874 922 2908 as
933 2859 1008 2909 ever!

151 2930 206 2974 661.
240 2927 305 2983 quid
321 2928 398 2974 eem‘t
422 2922 501 2972 ‘what
517 2923 593 2973 about
674 2928 727 2973 666.
751 2927 888 2983 adeo...ut,
903 2924 961 2974 Ter.
976 2924 1056 2973 Andr.
1069 2938 1116 2986 245

119 2989 191 3040 her?’
208 3006 232 3039 v.
248 3005 275 3053 51
291 2988 340 3037 and
354 2987 446 3038 Bacch.
460 2989 508 3054 569
521 2987 597 3053 ‘quid
641 2987 716 3037 adeon
737 2989 860 3038 hominem
885 3004 933 3038 esse
955 2989 1116 3039 invenustum

119 3053 212 3104 duast’
641 3059 687 3101 aut
708 3054 827 3118 infelicem
851 3069 999 3119 quemquam
1027 3061 1057 3103 ut
1077 3070 1118 3120 ego

151 3123 275 3169 eduotm
303 3120 416 3178 perdidt,
443 3119 515 3168 edrico
547 3118 596 3167 sre-
640 3118 715 3167 sumi

118 3185 222 3298 q‘pently
233 3185 278 3234 has
292 3184 335 3234 the
350 3199 418 3233 same
434 3184 551 3246 meaning
567 3199 594 3233 as
673 3188 726 3298 got.
760 3186 888 3243 inprobus
901 3186 1078 3241 mulceres,
1091 3202 1114 3236 v.

117 3253 196 3300 erico.
640 3263 697 3310 42.

150 3320 204 3366 666.
238 3316 487 3373 homuncionum,
499 3330 523 3362 v.
537 3329 592 3378 532.
672 3317 725 3364 667.
778 3317 835 3370 eho,
863 3313 890 3362 in
917 3316 1063 3365 commands
1090 3333 1117 3367 as

150 3385 218 3438 tuce,
230 3380 262 3430 cf.
274 3380 323 3444 603
334 3380 384 3428 and
396 3377 453 3443 643.
639 3378 713 3427 Truc.
738 3391 785 3442 477
812 3378 869 3429 Eho
897 3379 1042 3441 Pithecium,
1067 3383 1118 3431 and

149 3450 203 3496 666.
237 3457 325 3495 eoam
342 3445 485 3506 (ccceeam),
502 3459 590 3501 eccum,
637 3442 662 3491 in
686 3443 812 3509 questions
834 3443 895 3493 with
922 3461 958 3493 an
995 3461 1023 3494 as
1050 3462 1118 3511 supr.

111 3526 185 3567 mm,
196 3511 317 3567 eccillum,
329 3511 451 3570 eccistam,
462 3509 483 3558 it
490 3509 559 3559 there
570 3511 591 3558 is
639 3507 693 3570 506.
