2444 3832
111 208 148 269 5²
528 196 614 254 PLA
626 196 701 255 VTI
828 194 892 279 [III
909 217 935 274 3,
952 217 1117 276 391—403

111 349 201 407 Meus
222 345 394 424 deliquisset
415 349 485 409 med
507 367 584 426 erga,
606 360 657 411 aut
679 370 740 410 non
762 353 899 428 pluruma

112 444 271 507 Malefr'acta
290 465 358 506 mea
379 458 479 508 essent
500 447 595 509 solida
616 448 647 508 in
668 449 878 511 adulescentia.

111 543 247 603 Proiecto
269 541 428 603 deliramus
448 542 598 605 interdum
621 564 716 605 senes.

111 641 171 701 Sed
191 640 250 698 huc
271 642 354 700 meus
376 639 486 701 sodalis
507 643 530 701 lt
550 661 618 702 cum
640 643 752 719 praeda
772 643 952 721 Apoecides.

110 738 222 798 Venire
242 738 355 797 salvom
377 739 571 798 mercatorem
592 739 720 816 gaudeo.
1057 760 1117 820 395

111 833 194 911 Quid
215 835 272 894 flt?

176 934 231 992 ΑΡ.
276 933 316 991 Di
338 932 473 1009 deaeque
494 942 523 994 te
544 932 694 995 adiuvant.

600 1034 653 1091 Pa.
698 1034 797 1094 Omen
817 1036 924 1112 placet.

111 1131 167 1188 ΑΡ.
211 1127 294 1204 Quin
315 1127 409 1189 omini
430 1126 528 1189 omnis
550 1134 715 1207 suppetunt
734 1150 781 1192 res
802 1133 969 1210 prosperae.

112 1226 172 1287 Sed
193 1230 226 1285 tri
246 1224 342 1285 istanc
363 1225 441 1287 intro
461 1227 532 1287 iube
553 1225 593 1287 sis
614 1228 731 1289 abduci.

637 1327 692 1385 Pa.
736 1328 823 1387 Heus
844 1327 921 1388 foras

113 1425 200 1484 Exite
221 1423 280 1482 huc
301 1421 415 1498 aliquis.
459 1424 537 1484 ddce
557 1422 645 1483 istam
667 1423 745 1485 intro
766 1425 928 1486 mulierem.

113 1521 214 1596 Atque
235 1517 350 1581 addin?

255 1620 304 1678 Su.
348 1616 431 1693 Quid
451 1618 519 1678 vis?

423 1719 476 1775 Pa.
520 1714 602 1777 Cave
623 1714 686 1776 siris
707 1735 776 1776 cum
797 1716 858 1777 fllia
1058 1740 1120 1793 400

115 1816 187 1873 Mea
207 1811 339 1890 copulari
359 1813 437 1872 hanc
458 1815 557 1890 neque
578 1812 757 1889 conspicere.
802 1812 861 1875 iam
883 1817 989 1876 tenes?

115 1914 152 1972 In
173 1910 340 1972 aediculam
361 1909 478 1970 instanc
499 1911 632 1972 seorsum
653 1912 795 1972 concludi
815 1915 902 1976 volo:

115 2010 277 2071 Divortunt
298 2028 396 2070 mores
416 2009 520 2087 virgini
540 2011 630 2088 longe
650 2008 686 2069 ac
706 2011 802 2088 lupae.

114 2208 170 2257 am
189 2205 279 2266 anima,
304 2205 364 2256 Aur.
390 2217 434 2268 105
457 2204 593 2255 asamar
638 2183 742 2255 lana?
757 2206 892 2266 historiar,
914 2209 992 2258 ‘what
1007 2209 1120 2274 happen-

115 2271 205 2329 animi,
223 2272 280 2321 Ter.
302 2271 367 2320 Hec.
390 2285 432 2320 rar
451 2270 536 2319 animi
550 2271 590 2320 in·
641 2271 673 2320 ed
685 2270 773 2321 nextl’

114 2345 202 2388 certus.
674 2339 997 2394 dacaequetoadruvant.
1016 2339 1120 2409 Cs.19a.

148 2405 213 2462 qula
221 2403 385 2460 deliquisset.
410 2399 460 2449 For
468 2400 531 2464 quid
536 2400 592 2460 (ali-
674 2406 727 2451 8⁹¹1.
761 2405 847 2451 omnia
858 2418 926 2452 nom.
938 2404 974 2468 pl.
987 2404 1047 2454 with
1059 2422 1105 2456 res.

116 2468 188 2532 quid)
204 2467 353 2531 delinquere,
366 2464 398 2515 cf.
415 2466 523 2540 593and
536 2479 592 2530 729,
676 2471 831 2525 supperunt.
866 2468 914 2517 See
925 2477 984 2518 note
996 2485 1029 2519 on
1040 2487 1065 2518 v.
1081 2485 1120 2536 37.

117 2533 207 2583 Pseud.
218 2532 265 2596 369
275 2547 337 2580 num
341 2539 439 2595 peccam
461 2530 593 2594 appiam?
674 2535 728 2580 000.
762 2535 832 2582 exite
848 2535 955 2591 anquis.
990 2534 1030 2585 Cf.
1048 2537 1118 2587 Men.

118 2599 155 2649 So
166 2598 268 2646 turbare
279 2596 419 2661 quippiam,
434 2547 508 2659 gapt.
526 2610 580 2657 127.
642 2594 691 2660 674
705 2597 879 2661 aperiteatquc
893 2600 1015 2648 Erotium
1029 2602 1122 2666 aliquis

150 2668 203 2712 000.
228 2665 322 2718 aalide,
333 2659 594 2710 ‘substantialfaults’
640 2669 738 2720 evocare,
754 2662 844 2711 Pseud.
860 2666 921 2726 1284
929 2665 1012 2714 Heus!
1021 2667 1124 2718 Simoni

117 2729 189 2778 Cure.
215 2743 261 2791 405
288 2726 363 2774 inibis
386 2743 403 2774 a
428 2742 465 2774 me
487 2726 591 2774 solidam
642 2742 680 2775 me
694 2727 775 2776 adesse
786 2728 879 2791 aliquis
896 2731 1019 2788 normate,
1039 2733 1117 2784 Mero.

116 2800 138 2842 et
155 2792 277 2857 grandem
298 2791 419 2854 gratiam.
457 2790 493 2840 So
515 2791 593 2840 solida
642 2794 690 2841 88
712 2792 786 2840 hem!
812 2794 905 2857 aliquis
931 2802 1043 2845 actutum
1073 2797 1122 2847 huc

116 2860 193 2917 salus,
206 2855 592 2921 solidumbencficr'um,salidum
634 2805 709 2920 βω
740 2857 939 2923 carita—aperite
970 2862 1064 2926 alraur's
1100 2863 1121 2914 is

113 2924 244 2989 gaudium.
641 2936 765 2972 common.

150 2993 202 3038 804.
238 2999 298 3036 oum
320 2989 420 3044 praeda
442 3001 469 3035 as
488 3002 512 3034 v.
534 2989 590 3049 381,
674 2991 728 3036 400.
761 2999 824 3037 cave
847 2989 907 3037 with
930 2990 1020 3055 simple
1046 2993 1121 3057 subj.‚

117 3054 191 3118 Capt.
205 3067 252 3114 ²03
262 3052 342 3117 pudet
351 3051 413 3115 quia
429 3067 485 3100 cum
502 3052 594 3101 catenis
641 3066 701 3115 very
712 3067 828 3102 common
845 3053 906 3102 with
924 3056 973 3104 and
990 3072 1064 3120 pers,
1084 3075 1121 3109 es.

116 3135 210 3177 summ,
236 3116 326 3166 Pseud.
351 3130 397 3182 593
419 3116 517 3166 venerit
536 3131 592 3166 cum
642 3116 750 3180 pecially
766 3120 793 3165 in
814 3126 910 3182 poetry.
947 3120 995 3170 See
1012 3138 1053 3170 vv.
1072 3140 1120 3188 433

117 3184 256 3242 machaera,
270 3181 322 3231 Cic.
339 3197 385 3246 pro
397 3179 451 3230 Mil.
464 3201 487 3244 4.
505 3197 531 3231 11
545 3197 592 3232 csse
641 3181 692 3230 and
712 3197 773 3245 435:
795 3183 981 3243 simoniacus,
1002 3202 1031 3236 so
1052 3189 1118 3250 sirit,

115 3265 172 3298 cum
183 3248 236 3298 telo.
642 3247 729 3306 sititis,
743 3247 828 3296 sirina

149 3319 203 3363 300.
242 3314 307 3370 qula
332 3315 382 3361 nt?
415 3309 504 3360 what's
532 3310 593 3376 hap·
674 3314 738 3372 nlla,
752 3312 792 3361 his
803 3314 928 3378 supposed
936 3315 1066 3379 daughter,
1077 3319 1120 3370 ie.

116 3379 226 3494 Bening?
242 3377 283 3426 i.e.
293 3376 351 3425 how
360 3391 402 3452 are
410 3376 494 3440 things
503 3377 595 3453 going?
642 3376 816 3441 Acropolistis.
1102 3420 1105 3426 .

140 3443 209 3494 ecch.
231 3440 594 3507 626Mnesrloche,qurdfi1?
674 3446 729 3491 000.
776 3445 1119 3499 aediculam=cubiculum.

118 3511 173 3558 Mn.
184 3507 262 3573 peni.
296 3506 389 3571 Amph.
408 3508 470 3574 1098
486 3507 595 3572 quidfit
644 3505 684 3558 Cf.
697 3509 824 3568 δωμάτιον.
