2444 3832
118 172 157 226 40
535 155 622 215 PLA
631 156 708 216 VTI
854 151 900 236 [II
918 175 943 228 2,
962 171 997 231 27
1002 157 1123 233 5-284

119 308 212 386 Quasi
233 322 265 371 tu
285 313 389 388 cupias
409 312 533 373 liberare
555 310 708 373 fidicinam
728 311 820 372 animi
840 310 941 390 gra'tia,
1065 329 1100 388 27
1105 329 1122 390 5

117 407 271 486 Qua‘sique
292 429 374 469 ames
395 409 588 471 vehementer
607 420 640 470 tu
665 409 753 470 illam.
961 461 963 465 ,

523 509 576 567 Pn.
621 508 722 583 Quam
743 507 783 569 ad
803 528 864 570 rem
886 508 963 569 istuc
982 509 1092 569 refert?

900 611 952 669 ΕΡ.
998 610 1123 687 Rogas?

116 683 158 764 Vt
179 703 259 763 enirn
280 704 444 782 praestines
465 716 597 784 argento,
619 707 793 784 priusquam
813 705 913 768 veniat
934 706 1021 780 illius,

118 784 218 878 Atque
239 812 271 862 ut
292 821 358 862 eam
379 813 409 863 te
429 800 460 862 in
481 803 649 864 libertatem
671 804 753 865 dicas
774 823 881 865 emere.

788 903 841 960 Pu.
886 899 1039 978 Intellego.

119 996 171 1054 ΕΡ.
214 977 274 1055 uu
303 994 358 1055 erit
388 1005 499 1072 empta,
529 1007 563 1056 ut
591 995 692 1074 aliquo
719 1016 756 1058 ex
783 998 857 1059 urbe
880 1017 943 1057 eam
971 996 1120 1072 amoveas,

133 1105 135 1110 '
198 1091 254 1151 nisi
275 1092 348 1170 quid
369 1102 447 1152 tuast

116 1191 209 1249 secus
231 1189 384 1251 sententia.

280 1291 331 1347 Pr.
377 1271 476 1349 immo
497 1288 594 1348 docte.

387 1387 438 1445 ΕΡ.
484 1386 565 1463 Quid
585 1396 617 1446 tu
639 1397 739 1446 autem
760 1386 805 1445 ais
825 1385 1023 1464 Apoecides?
1063 1389 1122 1446 280

33 1526 35 1530 .
118 1486 171 1542 ΑΡ.
216 1483 298 1560 Quid
322 1502 377 1562 ego
406 1484 505 1545 aiam?
532 1482 589 1544 nisi
617 1483 648 1544 te
677 1494 883 1545 commentum
907 1484 996 1545 ulmis
1023 1494 1122 1545 astute

198 1580 346 1659 intellego.

119 1680 172 1739 ΕΡ.
217 1680 281 1738 Iam
303 1678 391 1756 igitur
410 1689 512 1739 amota
533 1677 560 1739 ei
570 1679 668 1754 suerit
690 1679 788 1740 omnis
810 1678 990 1742 cousnltdtio
1067 1732 1069 1737 .

118 1775 306 1854 Ndptiarum,
331 1779 369 1837 ne
390 1788 526 1854 gravetur
545 1778 628 1855 quod
648 1776 729 1838 velis.

641 1876 693 1934 Pn.
741 1875 785 1933 Ila
806 1874 841 1935 nb
860 1873 939 1952 sapis

117 1953 156 2031 Et
178 1972 285 2048 places.

198 2072 251 2130 ΕΡ.
294 2072 375 2130 Tum
395 2080 428 2130 tu
449 2068 536 2148 lgitur
556 2069 662 2142 calide,
685 2071 709 2130 sl
731 2068 805 2148 quid
825 2073 964 2144 acturu’s,
986 2089 1041 2149 age

149 2199 202 2243 2⁷⁶.
236 2193 277 2243 Cf.
290 2210 313 2240 v.
326 2208 357 2256 45
369 2194 455 2242 animi
463 2210 546 2243 causa.
643 2194 768 2259 qualiquali
775 2194 808 2243 sit
812 2195 893 2259 pretio
898 2196 1060 2259 praestimm.

149 2263 202 2308 Μ.
235 2264 267 2308 ut
283 2263 362 2317 enlm,
378 2259 448 2323 ‘why
464 2258 530 2308 that’
547 2259 593 2309 &o
678 2264 731 2308 281.
764 2263 827 2316 nul,
842 2258 927 2324 ‘only'
939 2276 966 2309 as
977 2277 1002 2308 v.
1016 2260 1072 2323 265.

117 2324 199 2372 Enim
210 2323 363 2388 emphasises
373 2325 405 2374 its
416 2324 500 2374 clause
511 2325 561 2373 and
573 2325 594 2374 is
676 2329 730 2374 288.
764 2337 797 2374 no
807 2330 942 2383 nasetur,
953 2325 1018 2374 ‘that
1025 2326 1057 2376 be
1064 2341 1123 2390 may

76 2448 79 2452 ι
115 2387 185 2438 often
194 2405 222 2438 so
231 2390 292 2438 used
300 2389 326 2437 in
338 2390 453 2454 replying
464 2397 490 2438 to
498 2405 513 2439 a
521 2404 592 2454 ques·
644 2398 727 2440 assent
739 2397 766 2439 to
777 2406 839 2453 your
850 2389 956 2440 wishes!

117 2454 178 2510 tion,
196 2454 331 2519 especially
348 2455 421 2504 when
437 2455 496 2519 quio
512 2455 534 2503 is
551 2454 594 2504 the
676 2458 709 2503 tu
724 2468 758 2504 no
768 2458 842 2513 capla
855 2459 883 2504 ot
897 2459 994 2516 plausa,
1011 2459 1045 2505 ne·
1057 2455 1122 2505 affir-

117 2518 169 2568 first
187 2520 256 2568 word
274 2520 300 2568 in
320 2520 363 2569 the
379 2520 509 2584 reply-as
525 2519 552 2567 in
568 2536 593 2568 v.
644 2519 736 2569 mative
751 2535 778 2569 as
793 2519 819 2567 in
831 2519 873 2569 the
888 2535 1006 2570 common
1018 2521 1124 2585 Egonl?

118 2599 173 2649 299.
196 2584 243 2660 'So
260 2585 325 2633 enim
342 2585 412 2660 gives
428 2585 552 2649 emphasis
567 2584 593 2633 in
650 2585 689 2633 Tu
706 2589 742 2643 κε’,
759 2584 836 2634 What
852 2584 882 2634 I?
901 2585 953 2635 lles
968 2589 1031 2650 youl
1051 2586 1122 2635 Trin.

114 2656 144 2698 at
160 2665 233 2709 emm,
254 2665 304 2697 non
323 2666 400 2706 emm,
421 2651 497 2700 immo
516 2651 590 2709 enim,
645 2647 701 2713 634,
721 2649 800 2699 Stich.
819 2648 876 2713 635,
896 2650 972 2699 Most.
990 2650 1046 2718 936.
1083 2652 1121 2700 Tu
1195 2690 1199 2695 .

115 2715 158 2763 nil
171 2716 248 2772 enim,
266 2731 335 2764 nunc
350 2716 424 2775 enim,
444 2721 503 2764 certe
517 2715 591 2775 enim,
645 2730 676 2764 ne
688 2716 754 2779 sapis
770 2717 791 2764 is
806 2715 856 2764 due
872 2722 899 2764 to
918 2715 1024 2780 Ussing:
1042 2716 1123 2780 places

114 2779 244 2829 enimvero.
645 2778 780 2845 (personal)
792 2779 813 2829 is
826 2781 937 2845 adopted
952 2796 979 2830 as
994 2780 1122 2831 smootber

148 2848 308 2902 praesume.
333 2844 449 2895 ‘secure'
490 2845 593 2894 Destino
645 2845 705 2895 with
733 2846 805 2910 sapis,
834 2846 879 2895 but
902 2845 945 2895 the
970 2845 1120 2911 impersonal

116 2909 142 2956 in
159 2909 320 2958 Plautus=to
334 2910 393 2974 buy,
406 2911 593 2974 praestin0=to
640 2911 720 2974 placet
730 2926 789 2974 may
799 2911 831 2960 be
843 2910 917 2974 right.

117 2974 167 3038 buy
183 2975 267 3025 before
284 2972 396 3035 another,
416 2983 442 3024 to
459 2976 593 3039 anticipare
676 2981 730 3024 284.
763 2978 856 3032 oassde,
877 2975 909 3025 cl.
930 2989 975 3039 142
994 2976 1045 3025 and
1063 2977 1119 3039 256.

116 3040 221 3089 another
234 3041 259 3088 in
271 3041 313 3089 the
328 3041 458 3104 purchase,
472 3040 590 3090 forestall.
644 3041 705 3088 Add
723 3041 797 3090 Poen.
807 3055 861 3152 913
876 3048 904 3090 at
921 3041 988 3090 enim
1004 3041 1075 3090 nihil
1087 3048 1123 3091 est

118 3105 214 3154 Festus’
227 3105 357 3154 definition
369 3121 394 3169 p.
408 3121 453 3169 ²²3
467 3105 487 3155 is
502 3107 592 3170 “prae-
643 3106 698 3154 nisi
706 3105 768 3154 dum
779 3121 806 3154 ca
817 3112 840 3154 et
851 3107 894 3155 hoc
904 3107 994 3170 agitur.

116 3171 209 3219 stinare
235 3172 305 3234 apud
325 3170 447 3219 Plautum
468 3178 595 3234 praemere
675 3173 768 3230 igitur,
788 3170 919 3235 temporal,
940 3172 961 3219 is
979 3171 1122 3236 constantly

116 3243 166 3291 est,·
188 3237 225 3284 i.e.
243 3236 340 3285 emendo
359 3233 464 3285 tenere.’'
499 3235 594 3299 Ussing
643 3237 703 3284 used
720 3236 780 3285 with
795 3243 859 3293 tum,
878 3237 927 3285 aud
943 3252 970 3286 es
989 3235 1078 3301 ecially
1094 3244 1121 3286 to

118 3301 202 3349 thinks
213 3301 423 3364 merely=emere.
460 3300 499 3350 Cf.
517 3300 592 3365 Capt.
643 3299 714 3349 mark
732 3301 775 3349 the
794 3301 929 3365 beginning
951 3252 988 3350 od
999 3301 1042 3351 the
1061 3317 1121 3366 apo·

117 3368 164 3428 848
185 3366 262 3415 luben
284 3383 318 3414 an
342 3381 391 3414 non
414 3366 592 3415 iubes...alium
642 3365 718 3414 dosis.
762 3367 812 3415 For
833 3366 917 3429 agitur
937 3365 1053 3432 marking
1079 3367 1122 3417 tbe

110 3432 188 3496 pacis
193 3432 378 3495 praestinatum
389 3431 474 3481 abiret
501 3432 589 3481 Pseud.
642 3430 760 3495 apodosis
788 3446 828 3480 see
856 3430 912 3479 Mil.
943 3444 988 3495 772
1017 3432 1122 3493 Quando

120 3496 165 3561 169
176 3512 215 3559 ego
228 3512 254 3545 eo
270 3497 298 3545 in
310 3497 479 3546 macellumut
484 3497 593 3561 piscium
642 3496 735 3556 habebo,
761 3496 843 3560 igilur
863 3497 986 3545 rationem
1008 3512 1121 3546 nucarum
