2444 3832
145 137 182 211 78
561 142 734 202 Porro!
889 140 930 225 [v
948 164 972 215 1,
989 148 1151 225 ⁶45-o53

141 296 192 354 ΕΡ.
225 295 296 355 Non
332 297 433 358 habeo
467 299 558 357 ullam
594 298 792 372 occasionem,
829 312 862 361 ut
897 303 977 379 tpud
1013 314 1042 364 te
1077 306 1153 364 salsa

219 392 341 454 stbuler.
1089 404 1147 480 645

138 491 185 550 ST.
210 474 325 568 Accipe
345 503 501 570 argentum
523 493 589 567 h6c,
613 493 738 554 danista.
781 495 829 554 hic
858 500 927 555 stint
955 497 1151 576 quadraginta

219 607 334 651 mmae:

138 684 243 761 Siquid
264 687 319 747 erit
339 687 475 761 dubium,
498 689 661 749 inmutabo.

501 787 560 844 Do„
604 787 686 846 Bone
707 784 820 846 fecisti:
843 787 920 849 bone
941 789 1025 850 vale!

137 883 187 942 ST.
232 884 323 942 Ntinc
344 884 424 943 enim
445 894 478 943 tu
500 883 597 944 met's.

339 982 396 1040 ΤΕ.
440 983 529 1042 Soror
552 981 673 1059 quidem
696 982 812 1059 edepol,
835 994 869 1043 ut
890 993 921 1043 tu
943 987 1039 1062 aequ6
1060 985 1146 1046 scias.

137 1078 235 1150 Stlve,
257 1080 364 1138 frater!

264 1222 265 1226 ,
300 1177 348 1235 ST.
392 1177 492 1236 Stnan
513 1178 588 1237 haec
611 1178 678 1237 est?

565 1275 618 1333 ΕΡ.
662 1275 748 1347 seina,
770 1273 795 1333 si
816 1275 948 1351 adpelltt
968 1296 1062 1337 suom.

136 1371 185 1430 ST.
230 1371 334 1446 Quid?
369 1389 425 1448 ego
451 1371 544 1431 modo
568 1391 632 1430 sum
657 1369 727 1431 huic
755 1373 842 1432 frtter
867 1374 971 1447 factus,
994 1376 1066 1434 (him
1089 1394 1146 1453 ego

218 1486 255 1528 eo
276 1467 355 1528 intro
376 1479 468 1544 atque
488 1469 586 1528 §xeot
1085 1476 1147 1550 650

139 1568 191 1628 Eo.
235 1567 326 1642 Quod
347 1565 456 1638 bonist‚
478 1565 509 1626 id
528 1564 635 1626 ttcitus
655 1576 753 1626 taceas
768 1570 831 1627 nite
846 1578 944 1627 tecum
960 1581 989 1629 et
1003 1571 1144 1647 gatideas.

137 1667 186 1726 ST.
231 1663 394 1726 Perdidisti
416 1676 445 1725 et
467 1663 622 1742 r6pperisti
644 1666 701 1736 mo,
724 1682 814 1723 soror.

704 1763 757 1820 ΕΡ.
801 1762 941 1823 ὃῖυίῑιὶἐε
963 1775 1036 1824 tace.

134 1859 207 1919 Tibi
238 1859 370 1936 quidem,
392 1859 476 1937 quod
500 1860 591 1932 amos,
612 1858 694 1918 domi
720 1860 1028 1935 praestost-ftdicina
1050 1863 1144 1921 illo-—

217 1958 308 2035 opert
328 1976 416 2018 meat

136 2125 282 2189 δεδορκὰνος,
295 2124 340 2174 ac.
353 2124 402 2173 and
420 2139 487 2188 supr.
499 2121 532 2188 96
548 2131 615 2188 expe·
696 2128 749 2173 ⁶⁶1.
783 2127 884 2174 tamtus
905 2130 1003 2186 tuom,
1034 2127 1144 2191 ‘quietly

138 2192 219 2240 dotum
229 2206 260 2239 ex
271 2190 385 2254 inpedito.
663 2187 728 2253 keep
747 2188 831 2254 quiet,’
843 2190 934 2255 figura
952 2193 1103 2256 etymologica
1116 2209 1143 2242 as

169 2261 222 2306 645.
256 2257 426 2314 oooastonem,
447 2258 479 2302 ut
502 2257 615 2304 fabulor.
663 2255 739 2304 mittete
759 2255 821 2304 nitet
836 2257 910 2306 Truc.
930 2272 985 2321 354,
1006 2258 1144 2307 memoriter

137 2322 200 2386 Cap.
217 2333 262 2384 157
280 2337 330 2369 non
350 2321 418 2369 iusta
437 2335 510 2369 causa
530 2325 565 2368 est
586 2325 617 2368 ut
663 2319 804 2369 meminisse
813 2320 886 2384 Capt.
900 2335 956 2384 150,
968 2328 1071 2385 propere
1083 2331 1141 2386 pro-

135 2403 178 2436 vos
186 2401 278 2436 servem
286 2386 383 2435 sedulo..
409 2385 464 2434 Mil.
476 2398 505 2446 72
515 2385 617 2433 videtur
658 2391 733 2449 peras
749 2385 822 2434 Cure.
837 2398 892 2449 535,
904 2387 984 2435 valide
995 2386 1061 2436 valet
1072 2389 1139 2438 Pers.

135 2460 231 2517 tempus
248 2467 295 2500 esse
314 2457 343 2499 ut
362 2466 447 2499 eamus
468 2450 503 2497 ad
514 2449 614 2514 forum.
663 2449 726 2513 4263
747 2451 796 2499 and
819 2466 852 2499 on
874 2451 918 2499 the
935 2467 1003 2500 same
1020 2451 1142 2517 principle

91 2509 93 2514 ¹
138 2518 173 2568 So
183 2525 234 2580 spes
245 2523 281 2576 ut,
295 2531 358 2564 ansa
370 2522 407 2572 ut,
416 2520 517 2579 potestas
528 2521 564 2563 ut.
662 2515 805 2563 servitutem
820 2515 922 2572 servire,
930 2517 1047 2580 pietatem
1056 2519 1138 2582 prore,

169 2588 223 2632 647.
246 2585 313 2631 beno
323 2583 418 2640 team,
428 2595 460 2628 on
471 2579 613 2641 expression
657 2580 801 2643 prandium
809 2580 939 2642 prandere,
948 2583 1073 2645 gaudium
1078 2599 1141 2647 gau·

136 2647 166 2697 of
184 2646 284 2697 thanks.
319 2646 399 2696 Other
426 2643 545 2694 formulae
573 2660 614 2694 are
661 2643 725 2703 dere,
738 2660 823 2693 cenom
838 2661 932 2705 cenare,
944 2649 1068 2696 somnium
1080 2664 1141 2697 som·

137 2712 283 2776 benefacis,
307 2711 383 2775 lepide
397 2709 471 2774 fads,
486 2709 555 2774 sacis
579 2709 613 2758 be·
663 2709 741 2767 m'are,
751 2709 836 2758 turbas
844 2711 953 2768 turbare,
963 2713 1043 2761 vitam
1052 2714 1140 2772 vivere,

137 2779 219 2842 migne,
232 2793 260 2826 or
271 2776 321 2825 still
336 2784 455 2839 stronger,
471 2775 528 2824 bene
538 2775 616 2823 hercle
662 2775 783 2822 vomitum
795 2791 896 2835 vomere,
909 2777 962 2826 &a
996 2777 1078 2828 These
1090 2780 1139 2828 and

128 2844 238 2908 sactum.
274 2842 442 2890 Alsoamote.
662 2838 746 2888 others
757 2839 783 2888 in
796 2840 854 2889 Brix
866 2856 899 2890 on
910 2841 980 2890 Trin.
991 2858 1046 2905 302.

169 2912 222 2959 048.
250 2918 343 2965 aequo,
355 2921 389 2955 sc.
402 2920 529 2955 mecumas
539 2903 609 2953 Asin.
695 2908 749 2952 ⁶³³.
778 2909 848 2963 quod
861 2918 942 2961 amos,
956 2904 986 2954 cf.
997 2907 1064 2969 quod
1071 2916 1142 2956 amat

137 2988 183 3038 332
196 2972 313 3022 animum
331 2971 430 3021 advorte
443 2977 472 3019 ut
482 2985 557 3034 aeque
566 2985 612 3017 me·
667 2987 690 3010 =
699 2969 753 3018 ‘the
765 2969 871 3018 beloved
883 2968 983 3033 object!
1005 2971 1074 3019 Trin.
1084 2988 1140 3033 141,

135 3055 191 3088 cum
203 3039 262 3087 haec
271 3037 342 3086 scios.
664 3033 742 3083 Merc.
757 3047 811 3099 733,
824 3035 869 3085 &c.

169 3109 221 3153 ⁶40.
253 3113 336 3150 sana:
351 3101 415 3151 estis
427 3100 495 3150 often
507 3100 613 3150 omitted
694 3102 772 3148 domi.
805 3099 947 3149 Cs.Baech.
963 3115 1009 3163 115
1027 3097 1139 3164 (aarum)

135 3169 162 3218 in
179 3185 212 3218 an
231 3182 327 3217 answer
348 3165 429 3215 which
452 3173 549 3230 repeats
571 3165 613 3216 the
661 3164 763 3213 domist:
781 3180 832 3212 non
855 3171 933 3213 metuo
955 3179 996 3212 nec
1014 3181 1054 3228 ego
1071 3167 1139 3229 quoi·

136 3233 205 3282 word
217 3233 246 3281 os
260 3231 301 3282 the
339 3231 445 3290 uestion,
466 3246 493 3279 as
510 3231 531 3279 is
547 3231 613 3280 done
661 3246 737 3297 quom
748 3230 862 3295 supplico,
874 3229 908 3278 ib.
918 3229 965 3290 887
977 3230 1001 3277 si
1009 3230 1077 3278 tibist
1087 3246 1138 3279 ma·

135 3298 202 3354 here,
223 3313 268 3361 og.
291 3247 346 3346 Mh.
364 3311 410 3359 343
431 3295 459 3342 P.
475 3280 614 3359 dignueff’es
661 3292 757 3355 chatra,
782 3302 810 3344 at
832 3294 899 3344 nobis
920 3295 1049 3343 veruinast
1065 3295 1139 3344 domi.

136 3364 274 3414 verberibus
284 3361 391 3411 multis?
416 3360 441 3411 S.
453 3360 551 3424 dignus.
575 3360 609 3410 ib.
663 3360 751 3410 Hence
762 3361 831 3410 domi
840 3376 956 3425 quaerere
966 3376 994 3409 or
1004 3360 1141 3424 depromere

136 3429 184 3497 965
197 3429 240 3492 Py.
253 3435 350 3492 nuptam
361 3434 396 3477 est
407 3442 441 3475 an
453 3425 550 3475 ot'eiua?
567 3426 611 3475 Pa.
663 3426 681 3485 )(
691 3425 760 3490 foris
778 3441 901 3490 quaerere,
921 3441 969 3489 e.g.
1000 3426 1061 3476 Cist.
1091 3443 1137 3478 202

135 3500 247 3559 etnupta
258 3500 281 3542 et
291 3493 375 3543 atauo.
660 3490 725 3539 hanc
740 3507 779 3555 ego
796 3491 825 3540 de
841 3508 878 3540 me
893 3491 1056 3540 commoturum
1073 3493 1142 3541 domi
